@mastersthesis{Epton2012,
  author       = {Thomas Epton},
  title        = {Odometry Correction of a Mobile Robot Using a Range-Finding Laser},
  school       = {Clemson University},
  year         = {2012},
  type         = {Master's Thesis},
  url          = {https://open.clemson.edu/cgi/viewcontent.cgi?article=1248&context=all_theses},
}

@article{Zhang2020,
  author = {Zhang, X. and Li, Y. and Zhang, L.},
  title = {A New Method of Angle Measurement Error Analysis of Rotary Encoders},
  journal = {IEEE Access},
  volume = {8},
  pages = {74539--74549},
  year = {2020},
  doi = {10.1109/ACCESS.2020.2984593},
}

@misc{DimensionEngineeringSabertooth2x25,
  author = {Dimension Engineering},
  title = {Sabertooth 2x25 Motor Driver},
  year = {2024},
  url = {https://www.dimensionengineering.com/products/sabertooth2x25},
  note = {Accessed: 2024-11-25}
}

@article{Hassan2012,
  author = {Hassan, M. and Raza, M. and Gul, F. and Anwar, M. and Durrani, M.},
  title = {A Sensor-Based Robotic Model for Vehicle Collision Reduction},
  journal = {ResearchGate},
  year = {2012},
  url = {https://www.researchgate.net/publication/252044538_A_sensor_based_robotic_model_for_vehicle_collision_reduction},
  note = {Accessed: 2024-11-25}
}
