@book{Rubin2012,
author = {Rubin, Kenneth S},
edition = {1st},
isbn = {0137043295, 9780137043293},
publisher = {Addison-Wesley Professional},
title = {{Essential Scrum: A Practical Guide to the Most Popular Agile Process}},
year = {2012}
}

@web{PHMSA,
author = {US Department of Transportation, Pipeline and Hazardous Materials Safety Administration},
title = {LITHIUM BATTERY GUIDE FOR SHIPPERS: A Compliance Tool for All Modes of Transportation},
}

@web{ROSCOM,
author = {ROS},
title = {ROS/Techincal Overview}, {ROS Navigation},
}
@web{ROSNS,
author = {Robot Operating System},
title = {ROS Navigation}, }

@web{IECBATT,
author = {IEC},
title = {IEC 60086}, }

Pipeline and Hazardous Materials Safety Administration. (n.d.). LITHIUM BATTERY GUIDE FOR SHIPPERS: A Compliance Tool for All Modes of Transportation. US Department of Transportation, Pipeline and Hazardous Materials Safety Administration. Retrieved October 28, 2024, from https://www.phmsa.dot.gov/sites/phmsa.dot.gov/files/2021-09/Lithium-Battery-Guide.pdf